<record><leader>00000cas a2200000 a 4500</leader><controlfield tag="001">34963778</controlfield><controlfield tag="007">hd afb---bucu</controlfield><controlfield tag="008">960620d19962000nyudn nea     0    0eng c</controlfield><datafield ind1=" " ind2=" " tag="010"><subfield code="a">   00233000 </subfield></datafield><datafield ind1=" " ind2=" " tag="040"><subfield code="a">OCP</subfield><subfield code="b">eng</subfield><subfield code="c">OCP</subfield><subfield code="d">GUA</subfield><subfield code="d">NYP</subfield><subfield code="d">CLE</subfield><subfield code="d">WAU</subfield><subfield code="d">OCLCQ</subfield><subfield code="d">OCLCF</subfield><subfield code="d">OCLCQ</subfield></datafield><datafield ind1=" " ind2=" " tag="019"><subfield code="a">35097914</subfield></datafield><datafield ind1=" " ind2=" " tag="022"><subfield code="a">1088-7407</subfield><subfield code="l">1088-7407</subfield><subfield code="y">0361-5561</subfield></datafield><datafield ind1=" " ind2=" " tag="042"><subfield code="a">pcc</subfield></datafield><datafield ind1=" " ind2=" " tag="043"><subfield code="a">n-us---</subfield></datafield><datafield ind1=" " ind2="4" tag="050"><subfield code="a">HF1</subfield><subfield code="b">.J680</subfield></datafield><datafield ind1="0" ind2=" " tag="130"><subfield code="a">Journal of commerce (New York, N.Y. : 1996)</subfield></datafield><datafield ind1="1" ind2="4" tag="245"><subfield code="a">The journal of commerce.</subfield></datafield><datafield ind1=" " ind2=" " tag="260"><subfield code="a">New York, NY :</subfield><subfield code="b">Journal of Commerce, Inc.,</subfield><subfield code="c">1996-2000.</subfield></datafield><datafield ind1=" " ind2=" " tag="300"><subfield code="a">volumes :</subfield><subfield code="b">illustrations, maps ;</subfield><subfield code="c">57 cm</subfield></datafield><datafield ind1=" " ind2=" " tag="310"><subfield code="a">Daily (except Sat. &amp; Sun.)</subfield></datafield><datafield ind1=" " ind2=" " tag="336"><subfield code="a">text</subfield><subfield code="b">txt</subfield><subfield code="2">rdacontent</subfield></datafield><datafield ind1=" " ind2=" " tag="337"><subfield code="a">microform</subfield><subfield code="b">h</subfield><subfield code="2">rdamedia</subfield></datafield><datafield ind1=" " ind2=" " tag="338"><subfield code="a">microfilm reel</subfield><subfield code="b">hd</subfield><subfield code="2">rdacarrier</subfield></datafield><datafield ind1="0" ind2=" " tag="362"><subfield code="a">Vol. 406, no. 28,585 (Apr. 1, 1996)-v. 424, no. 29,729 (May 31, 2000).</subfield></datafield><datafield ind1=" " ind2=" " tag="580"><subfield code="a">Split into an electronic publication called: JOC online; and a print weekly: JoC week.</subfield></datafield><datafield ind1=" " ind2=" " tag="533"><subfield code="a">Microfilm.</subfield><subfield code="b">Ann Arbor, Mich. :</subfield><subfield code="c">University Microfilms International.</subfield><subfield code="e">microfilm reels ; 35 mm.</subfield></datafield><datafield ind1=" " ind2="0" tag="651"><subfield code="a">New York (N.Y.)</subfield><subfield code="v">Newspapers.</subfield></datafield><datafield ind1=" " ind2="0" tag="651"><subfield code="a">United States</subfield><subfield code="x">Commerce</subfield><subfield code="v">Newspapers.</subfield></datafield><datafield ind1=" " ind2="7" tag="650"><subfield code="a">Commerce.</subfield><subfield code="2">fast</subfield><subfield code="0">(OCoLC)fst00869279</subfield></datafield><datafield ind1=" " ind2="7" tag="651"><subfield code="a">New York (State)</subfield><subfield code="z">New York.</subfield><subfield code="2">fast</subfield><subfield code="0">(OCoLC)fst01204333</subfield></datafield><datafield ind1=" " ind2="7" tag="651"><subfield code="a">United States.</subfield><subfield code="2">fast</subfield><subfield code="0">(OCoLC)fst01204155</subfield></datafield><datafield ind1=" " ind2="7" tag="655"><subfield code="a">Newspapers.</subfield><subfield code="2">fast</subfield><subfield code="0">(OCoLC)fst01423814</subfield></datafield><datafield ind1=" " ind2=" " tag="752"><subfield code="a">United States</subfield><subfield code="b">New York</subfield><subfield code="c">New York</subfield><subfield code="d">New York.</subfield></datafield><datafield ind1="0" ind2=" " tag="776"><subfield code="t">Journal of commerce (New York, N.Y. : 1996)</subfield><subfield code="x">1088-7407</subfield><subfield code="w">(DLC)sn 96004953</subfield><subfield code="w">(OCoLC)34550860</subfield></datafield><datafield ind1="0" ind2="0" tag="780"><subfield code="t">Journal of commerce and commercial (New York, N.Y. : 1927)</subfield><subfield code="x">0361-5561</subfield><subfield code="w">(DLC)  2006252004</subfield><subfield code="w">(OCoLC)23729423</subfield></datafield><datafield ind1="1" ind2="6" tag="785"><subfield code="t">JOC online</subfield><subfield code="x">1542-8524</subfield><subfield code="w">(DLC)  2001234565</subfield><subfield code="w">(OCoLC)44655991</subfield></datafield><datafield ind1="1" ind2="6" tag="785"><subfield code="t">JoC week</subfield></datafield><datafield ind1="1" ind2=" " tag="029"><subfield code="a">AU@</subfield><subfield code="b">000021484232</subfield></datafield></record>